<?xml version="1.0" encoding="UTF-8"?><collection xmlns="http://www.loc.gov/MARC21/slim"><record><leader>00523nam--2200133-i-4500</leader><controlfield tag="001">000001038</controlfield><controlfield tag="002">20161230</controlfield><controlfield tag="005">20161230201024</controlfield><controlfield tag="008">060222s1000------------r-----000-0-eng-d</controlfield><datafield ind1=" " ind2=" " tag="080"><subfield code="a">621.38:621.375.018.756(043)</subfield></datafield><datafield ind1=" " ind2=" " tag="100"><subfield code="a">Henein,Kamal Labib</subfield></datafield><datafield ind1=" " ind2=" " tag="245"><subfield code="a">Stabilisation du niveau continu de sort des amplificateurs pour imppulsions, a l aide de reseaux de centre - reaction non lineaires. application aux amplificateurs de spectrometrie nucleaire.these</subfield></datafield><datafield ind1=" " ind2=" " tag="260"><subfield code="a">Orsay, Universite De Paris-sud, 1978. 136 P</subfield></datafield><datafield ind1=" " ind2=" " tag="852"><subfield code="a">46351</subfield></datafield></record></collection>